<?xml version="1.0" encoding="UTF-8"?><collection xmlns="http://www.loc.gov/MARC21/slim"><record><leader>00451nam--2200169-u-4500</leader><controlfield tag="001">000055763</controlfield><controlfield tag="002">20161230</controlfield><controlfield tag="005">20161230201052</controlfield><controlfield tag="008">130411s1000------------r-----000-0-eng-d</controlfield><datafield ind1=" " ind2=" " tag="040"><subfield code="a">IFIN-HH</subfield></datafield><datafield ind1=" " ind2=" " tag="080"><subfield code="a">539.14:539.17</subfield></datafield><datafield ind1="1" ind2=" " tag="100"><subfield code="a">Gamow, G</subfield></datafield><datafield ind1="1" ind2="0" tag="245"><subfield code="a">Structure of atomic nuclei and nuclear transformations</subfield><subfield code="c">G. gamow</subfield></datafield><datafield ind1=" " ind2=" " tag="260"><subfield code="a">Oxford</subfield><subfield code="b">At The Clarendon Press</subfield><subfield code="c">1937</subfield></datafield><datafield ind1=" " ind2=" " tag="300"><subfield code="a">XI+270P</subfield></datafield><datafield ind1=" " ind2=" " tag="852"><subfield code="a">44552</subfield><subfield code="c">H.H</subfield></datafield><datafield ind1=" " ind2=" " tag="CAT"><subfield code="a">Sys</subfield><subfield code="c">20130411</subfield><subfield code="h">153952</subfield></datafield></record></collection>